@misc{stackoverflow,
    title={Stack Overflow},
    author={O.logN},
    howpublished={[online]},
    url={https://stackoverflow.com/questions/41229601/
openssl-in-c-socket-connection-https-client},
    key=4
}

@misc{discord,
    title={Discord Developer Documentation},
    howpublished={[online]},
    url={https://discord.com/developers/docs},
    key=1
}

@misc{wiki_ssl,
    title={Secure Sockets Layer},
    howpublished={[online]},
    url={https://cs.wikipedia.org/wiki/Secure\_Sockets\_Layer},
    key=2
}

@misc{wiki_https,
    title={HTTPS},
    howpublished={[online]},
    url={https://cs.wikipedia.org/wiki/HTTPS},
    key=3
}
